@book{maclane,
    AUTHOR = {Mac Lane, Saunders},
     TITLE = {Homology},
    SERIES = {Die Grundlehren der mathematischen Wissenschaften, Bd. 114},
 PUBLISHER = {Academic Press, Inc., Publishers, New York; Springer-Verlag,
              Berlin-G\"ottingen-Heidelberg},
      YEAR = {1963},
}
@book {weibel,
    AUTHOR = {Weibel, Charles A.},
     TITLE = {An introduction to homological algebra},
    SERIES = {Cambridge Studies in Advanced Mathematics},
    VOLUME = {38},
 PUBLISHER = {Cambridge University Press, Cambridge},
      YEAR = {1994},
}
@book {milies,
    AUTHOR = {Polcino Milies, C\'esar and Sehgal, Sudarshan K.},
     TITLE = {An introduction to group rings},
    SERIES = {Algebra and Applications},
    VOLUME = {1},
 PUBLISHER = {Kluwer Academic Publishers, Dordrecht},
      YEAR = {2002},
}
